@book{hill2008principles,
  title={Principles of econometrics},
  author={Hill, R Carter and Griffiths, William E and Lim, Guay C},
  volume={5},
  year={2008},
  publisher={Wiley Hoboken, NJ}
}

@article{mroz1987sensitivity,
  title={The sensitivity of an empirical model of married women's hours of work to economic and statistical assumptions},
  author={Mroz, Thomas A},
  journal={Econometrica: Journal of the Econometric Society},
  pages={765--799},
  year={1987},
  publisher={JSTOR}
}

@article{marchenko2012heckman,
  title={A Heckman selection-t model},
  author={Marchenko, Yulia V and Genton, Marc G},
  journal={Journal of the American Statistical Association},
  volume={107},
  number={497},
  pages={304--317},
  year={2012},
  publisher={Taylor \& Francis Group}
}

@article{cameron2009microeconomics,
  title={Microeconomics using stata},
  author={Cameron, A Colin and Trivedi, Pravin K},
  journal={College Station, TX: Stata Press Publications},
  year={2009}
}